% Exported from Litmaps (https://www.litmaps.com)

@article{nonequilibrium_mizuno_2007,
    title = {Nonequilibrium Mechanics of Active Cytoskeletal Networks},
    doi = {10.1126/SCIENCE.1134404},
    author = {Mizuno, D. and Tardin, C. and Schmidt, C. and MacKintosh, F.},
    journal = {Science},
    year = {2007},
    pubmedId = {17234946},
    litmapsId = {102043390}
}


@article{universal_zhou_2009,
    title = {Universal behavior of the osmotically compressed cell and its analogy to the colloidal glass transition},
    doi = {10.1073/PNAS.0901462106},
    author = {Zhou, Enhua H. and Trepat, Xavier and Park, Chan Young and Lenormand, Guillaume and Oliver, Madavi and Mijailovich, Srboljub M. and Hardin, C. Corey and Weitz, David A. and Butler, James P. and Fredberg, Jeffrey J.},
    journal = {Proceedings of the National Academy of Sciences of the United States of America},
    year = {2009},
    pubmedId = {19520830},
    litmapsId = {149852027}
}


@article{glasslike_angelini_2011,
    title = {Glass-like dynamics of collective cell migration},
    doi = {10.1073/PNAS.1010059108},
    author = {Angelini, Thomas E. and Hannezo, Edouard and Trepat, Xavier and Marquez, Manuel and Fredberg, Jeffrey J. and Weitz, David A.},
    journal = {Proceedings of the National Academy of Sciences of the United States of America},
    year = {2011},
    pubmedId = {21321233},
    litmapsId = {199391388}
}


@article{theoretical_berthier_2011,
    title = {Theoretical perspective on the glass transition and amorphous materials},
    doi = {10.1103/REVMODPHYS.83.587},
    author = {Berthier, Ludovic and Biroli, Giulio},
    journal = {Reviews of Modern Physics},
    year = {2011},
    litmapsId = {117270986}
}


@article{physics_hunter_2012,
    title = {The Physics of the Colloidal Glass Transition},
    doi = {10.1088/0034-4885/75/6/066501},
    author = {Hunter, Gary L. and Weeks, Eric R.},
    journal = {Reports on Progress in Physics},
    year = {2012},
    pubmedId = {22790649},
    litmapsId = {20174038}
}


@article{feedbacktracking_nishizawa_2017,
    title = {Feedback-tracking microrheology in living cells},
    doi = {10.1126/SCIADV.1700318},
    author = {Nishizawa, K. and Bremerich, M. and Ayade, Heev and Schmidt, C. and Ariga, T. and Mizuno, D.},
    journal = {Science Advances},
    year = {2017},
    pubmedId = {28975148},
    litmapsId = {159852462}
}


@article{universal_nishizawa_2017,
    title = {Universal glass-forming behavior of in vitro and living cytoplasm.},
    doi = {10.1038/S41598-017-14883-Y},
    author = {Nishizawa, Kenji and Fujiwara, Kei and Ikenaga, Masahiro and Nakajo, Nobushige and Yanagisawa, Miho and Mizuno, Daisuke},
    journal = {Scientific Reports},
    year = {2017},
    pubmedId = {29123156},
    litmapsId = {55778203}
}


@article{perspective_berthier_2019,
    title = {Perspective: Nonequilibrium glassy dynamics in dense systems of active particles},
    doi = {10.1063/1.5093240},
    author = {Berthier, Ludovic and Flenner, Elijah and Szamel, Grzegorz},
    journal = {arXiv: Soft Condensed Matter},
    year = {2019},
    litmapsId = {151912077}
}


@article{glassy_berthier_2019,
    title = {Glassy dynamics in dense systems of active particles},
    doi = {10.1063/1.5093240},
    author = {Berthier, Ludovic and Flenner, Elijah and Szamel, Grzegorz},
    journal = {Journal of Chemical Physics},
    year = {2019},
    pubmedId = {31153189},
    litmapsId = {39022794}
}


@article{active_janssen_2019,
    title = {Active glasses},
    doi = {10.1088/1361-648X/AB3E90},
    author = {Janssen, Liesbeth M. C.},
    journal = {arXiv: Soft Condensed Matter},
    year = {2019},
    litmapsId = {151423463}
}


@article{rapid_mizuno_2020,
    title = {Rapid local compression in active gels is caused by nonlinear network response},
    doi = {10.1039/C9SM02362C},
    author = {Mizuno, Daisuke and Tardin, C. and Schmidt, Christoph F.},
    journal = {Soft Matter},
    year = {2020},
    pubmedId = {32945304},
    litmapsId = {25512695}
}


@article{membrane_harusawa_2021,
    title = {Membrane Surface Modulates Slow Diffusion in Small Crowded Droplets.},
    doi = {10.1021/ACS.LANGMUIR.0C03086},
    author = {Harusawa, Kanae and Watanabe, Chiho and Kobori, Yuta and Tomita, Kazuho and Kitamura, Akira and Kinjo, Masataka and Yanagisawa, Miho},
    journal = {Langmuir},
    year = {2021},
    pubmedId = {33351626},
    litmapsId = {229420630}
}


@article{principles_wang_2021,
    title = {Principles and Applications of Single Particle Tracking in Cell Research},
    doi = {10.1002/SMLL.202005133},
    author = {Wang, Zhao and Wang, Xuejing and Zhang, Ying and Xu, Weili and Han, Xiaojun},
    journal = {Small},
    year = {2021},
    pubmedId = {33533163},
    litmapsId = {108026422}
}


@article{biophysical_yamamoto_2021,
    title = {Biophysical and biochemical properties of Deup1 self-assemblies: a potential driver for deuterosome formation during multiciliogenesis.},
    doi = {10.1242/BIO.056432},
    author = {Yamamoto, Shohei and Yabuki, Ryoichi and Kitagawa, Daiju},
    journal = {Biology Open},
    year = {2021},
    pubmedId = {33658185},
    litmapsId = {39067833}
}


@article{ultrafast_madsen_2021,
    title = {Ultrafast viscosity measurement with ballistic optical tweezers},
    doi = {10.1038/S41566-021-00798-8},
    author = {Madsen, Lars S. and Waleed, Muhammad and Casacio, Catxere A. and Terrasson, Alex and Stilgoe, Alexander B. and Taylor, Michael A. and Bowen, Warwick P.},
    journal = {Nature Photonics},
    year = {2021},
    litmapsId = {99558994}
}


@article{cytoplasmic_huang_2021,
    title = {Cytoplasmic organization promotes protein diffusion},
    doi = {10.1101/2021.07.09.451827},
    author = {Huang, William Y. C. and Cheng, Xianrui and Ferrell, James E.},
    journal = {bioRxiv},
    year = {2021},
    litmapsId = {204813813}
}


@article{taggedparticle_schrack_2021,
    title = {Tagged-particle motion in quasi-confined colloidal hard-sphere liquids},
    doi = {10.1088/1742-5468/ABEE23},
    author = {Schrack, Lukas and Petersen, Charlotte F. and Caraglio, Michele and Jung, Gerhard and Franosch, Thomas},
    journal = {arXiv: Soft Condensed Matter},
    year = {2021},
    litmapsId = {190568772}
}


@article{modecoupling_reichert_2021,
    title = {Mode-coupling theory for tagged-particle motion of active Brownian particles},
    doi = {10.1103/PHYSREVE.104.044608},
    author = {Reichert, Julian and Mandal, Suvendu and Voigtmann, Thomas},
    journal = {Physical Review E},
    year = {2021},
    pubmedId = {34781467},
    litmapsId = {218689255}
}


@article{cage_debets_2021,
    title = {Cage Length Controls the Nonmonotonic Dynamics of Active Glassy Matter.},
    doi = {10.1103/PHYSREVLETT.127.278002},
    author = {Debets, V. and Wit, Xander M. de and Janssen, L.},
    journal = {Physical review letters},
    year = {2021},
    pubmedId = {35061437},
    litmapsId = {239953540}
}


@article{springlike_bai_2022,
    title = {Spring-like behavior of cytoplasm holds the mitotic spindle in place.},
    doi = {10.1073/PNAS.2203036119},
    author = {Bai, Luolan and Mitchison, T.},
    journal = {Proceedings of the National Academy of Sciences of the United States of America},
    year = {2022},
    pubmedId = {35324318},
    litmapsId = {81594948}
}


@article{universal_shimamoto_2022,
    title = {Universal Properties and Classification of Randomly-Packed Particles with Power Size Distribution},
    author = {Shimamoto, D. and Yanagisawa, M.},
    year = {2022},
    litmapsId = {245355070}
}

